<record xmlns="http://www.loc.gov/MARC21/slim" xmlns:xsi="http://www.w3.org/2001/XMLSchema-instance" xsi:schemaLocation="http://www.loc.gov/MARC21/slim http://www.loc.gov/standards/marcxml/schema/MARC21slim.xsd"><leader>01084cz   2200193n  4500</leader><controlfield tag="001">oca03033659 </controlfield><controlfield tag="005">20011012094358.0</controlfield><controlfield tag="008">911001n| acannaab           |a aaa     c</controlfield><datafield ind1=" " ind2=" " tag="010"><subfield code="a">nr 91036414 </subfield></datafield><datafield ind1=" " ind2=" " tag="040"><subfield code="a">NjP</subfield><subfield code="c">NjP</subfield><subfield code="d">DLC</subfield></datafield><datafield ind1="0" ind2=" " tag="100"><subfield code="a">Paul,</subfield><subfield code="c">the Silentiary,</subfield><subfield code="d">6th cent.</subfield></datafield><datafield ind1="0" ind2=" " tag="400"><subfield code="a">Paul,</subfield><subfield code="c">Le Silentiaire,</subfield><subfield code="d">6th cent.</subfield></datafield><datafield ind1="0" ind2=" " tag="400"><subfield code="a">Paul,</subfield><subfield code="c">Silentiarios,</subfield><subfield code="d">6th cent.</subfield></datafield><datafield ind1="0" ind2=" " tag="400"><subfield code="a">Paulus,</subfield><subfield code="c">Silentiarius,</subfield><subfield code="d">6th cent.</subfield></datafield><datafield ind1=" " ind2=" " tag="670"><subfield code="a">Whitby, J.M. Linguistic and exegetical commentary ... 1981:</subfield><subfield code="b">t.p. (Paul the Silentiary)</subfield></datafield><datafield ind1=" " ind2=" " tag="670"><subfield code="a">Cameron, A. Continuity and change in 6th-cent. Byzantium, 1981</subfield><subfield code="b">(Paul the Silentiary)</subfield></datafield><datafield ind1=" " ind2=" " tag="670"><subfield code="a">Oxf. dict. of Byzantium, 1991</subfield><subfield code="b">(Paul Silentiarios, 6th-cent. poet and courtier)</subfield></datafield><datafield ind1=" " ind2=" " tag="670"><subfield code="a">Harper's dict. of class. lit. and antiq.</subfield><subfield code="b">(Paulus, Silentiarius, so called because he was chief of the silentiarii, or secretaries, of the emperor Justinian; wrote the poem Ekphrasis tou naou teÌ&#x84;s hagias Sophias, which he recited at the 2nd dedication of the church, A.D. 562)</subfield></datafield><datafield ind1=" " ind2=" " tag="670"><subfield code="a">Description de Sainte-Sophie de Constantinople, 1997:</subfield><subfield code="b">t.p. (Paul Le Silentiaire)</subfield></datafield></record>